<record><leader>00000cas a2200000 i 4500</leader><controlfield tag="001">16159234</controlfield><controlfield tag="008">870710d18681895inuwr ne      0   a0eng c</controlfield><datafield ind1=" " ind2=" " tag="010"><subfield code="a">sn 87056600 </subfield></datafield><datafield ind1=" " ind2=" " tag="040"><subfield code="a">NPI</subfield><subfield code="b">eng</subfield><subfield code="e">rda</subfield><subfield code="c">NPI</subfield><subfield code="d">DLC</subfield><subfield code="d">NVF</subfield><subfield code="d">OCLCQ</subfield><subfield code="d">DLC</subfield><subfield code="d">OCLCF</subfield><subfield code="d">DLC</subfield><subfield code="d">IUL</subfield><subfield code="d">OCL</subfield></datafield><datafield ind1=" " ind2=" " tag="012"><subfield code="l">a</subfield></datafield><datafield ind1="0" ind2=" " tag="022"><subfield code="a">2374-5819</subfield><subfield code="l">2374-5827</subfield><subfield code="2">1</subfield></datafield><datafield ind1=" " ind2=" " tag="042"><subfield code="a">pcc</subfield><subfield code="a">nsdp</subfield></datafield><datafield ind1=" " ind2=" " tag="043"><subfield code="a">n-us-in</subfield></datafield><datafield ind1="0" ind2="0" tag="050"><subfield code="a">Newspaper</subfield></datafield><datafield ind1="0" ind2="0" tag="082"><subfield code="a">071</subfield><subfield code="2">23</subfield></datafield><datafield ind1="0" ind2=" " tag="130"><subfield code="a">Indiana State sentinel (Indianapolis, Ind. : 1868)</subfield></datafield><datafield ind1=" " ind2="4" tag="222"><subfield code="a">The Indiana State sentinel</subfield><subfield code="b">(Indianapolis, Ind. 1868. Print)</subfield></datafield><datafield ind1="1" ind2="4" tag="245"><subfield code="a">The Indiana State sentinel.</subfield></datafield><datafield ind1=" " ind2="1" tag="264"><subfield code="a">Indianapolis :</subfield><subfield code="b">Indianapolis Sentinel Co.</subfield></datafield><datafield ind1=" " ind2=" " tag="300"><subfield code="a">volumes</subfield></datafield><datafield ind1=" " ind2=" " tag="310"><subfield code="a">Weekly</subfield></datafield><datafield ind1=" " ind2=" " tag="336"><subfield code="a">text</subfield><subfield code="b">txt</subfield><subfield code="2">rdacontent</subfield></datafield><datafield ind1=" " ind2=" " tag="337"><subfield code="a">unmediated</subfield><subfield code="b">n</subfield><subfield code="2">rdamedia</subfield></datafield><datafield ind1=" " ind2=" " tag="338"><subfield code="a">volume</subfield><subfield code="b">nc</subfield><subfield code="2">rdacarrier</subfield></datafield><datafield ind1="1" ind2=" " tag="362"><subfield code="a">Began in Apr. 1868? Ceased with Dec. 25, 1895 issue?</subfield></datafield><datafield ind1=" " ind2=" " tag="530"><subfield code="a">Archived issues are available in digital format from the Library of Congress Chronicling America online collection.</subfield></datafield><datafield ind1=" " ind2=" " tag="580"><subfield code="a">Daily eds.: Indianapolis daily sentinel (Indianapolis, Ind. : 1868), 1868-1871, and: Indianapolis sentinel (Indianapolis, Ind. : 1872), 1872-1878, and: Indianapolis daily sentinel (Indianapolis, Ind. : 1878), 1878-1880, and: Indianapolis sentinel (Indianapolis, Ind. : 1880), 1880-1895.</subfield></datafield><datafield ind1=" " ind2=" " tag="588"><subfield code="a">Description based on: Vol. XXIII, no. 25 (January 6, 1874) = whole no. 1734; title from masthead, U.S. Newspaper Archive (viewed September 5, 2017).</subfield></datafield><datafield ind1=" " ind2=" " tag="588"><subfield code="a">Latest issue consulted: December 25, 1895; U.S. Newspaper Archive (viewed September 5, 2017).</subfield></datafield><datafield ind1=" " ind2="0" tag="651"><subfield code="a">Indianapolis (Ind.)</subfield><subfield code="v">Newspapers.</subfield></datafield><datafield ind1=" " ind2="0" tag="651"><subfield code="a">Marion County (Ind.)</subfield><subfield code="v">Newspapers.</subfield></datafield><datafield ind1=" " ind2="7" tag="651"><subfield code="a">Indiana</subfield><subfield code="z">Marion County.</subfield><subfield code="2">fast</subfield><subfield code="0">(OCoLC)fst01213920</subfield></datafield><datafield ind1=" " ind2="7" tag="651"><subfield code="a">Indiana</subfield><subfield code="z">Indianapolis.</subfield><subfield code="2">fast</subfield><subfield code="0">(OCoLC)fst01205182</subfield></datafield><datafield ind1=" " ind2="7" tag="655"><subfield code="a">Newspapers.</subfield><subfield code="2">fast</subfield><subfield code="0">(OCoLC)fst01423814</subfield></datafield><datafield ind1=" " ind2=" " tag="752"><subfield code="a">United States</subfield><subfield code="b">Indiana</subfield><subfield code="c">Marion</subfield><subfield code="d">Indianapolis.</subfield></datafield><datafield ind1="1" ind2=" " tag="775"><subfield code="t">Indianapolis daily sentinel (Indianapolis, Ind. : 1868)</subfield><subfield code="w">(DLC)sn 82015682</subfield><subfield code="w">(OCoLC)8811325</subfield></datafield><datafield ind1="1" ind2=" " tag="775"><subfield code="t">Indianapolis sentinel (Indianapolis, Ind. : 1872)</subfield><subfield code="w">(DLC)sn 87056189</subfield><subfield code="w">(OCoLC)16159254</subfield></datafield><datafield ind1="1" ind2=" " tag="775"><subfield code="t">Indianapolis daily sentinel (Indianapolis, Ind. : 1878)</subfield><subfield code="w">(DLC)sn 87056408</subfield><subfield code="w">(OCoLC)16159267</subfield></datafield><datafield ind1="1" ind2=" " tag="775"><subfield code="t">Indianapolis sentinel (Indianapolis, Ind. : 1880)</subfield><subfield code="x">2332-1105</subfield><subfield code="w">(DLC)sn 83016223</subfield><subfield code="w">(OCoLC)9244906</subfield></datafield><datafield ind1="0" ind2="8" tag="776"><subfield code="i">Online version:</subfield><subfield code="t">Indiana State sentinel (Indianapolis, Ind. : 1868 : Online)</subfield><subfield code="x">2374-5827</subfield><subfield code="w">(DLC)  2014218473</subfield><subfield code="w">(OCoLC)889870029</subfield></datafield><datafield ind1="0" ind2="0" tag="780"><subfield code="t">Indiana weekly herald</subfield><subfield code="w">(DLC)sn 87056437</subfield><subfield code="w">(OCoLC)16380427</subfield></datafield><datafield ind1="0" ind2="0" tag="785"><subfield code="t">State sentinel (Indianapolis, Ind.)</subfield><subfield code="w">(DLC)sn 87056606</subfield><subfield code="w">(OCoLC)16158871</subfield></datafield><datafield ind1="4" ind2="1" tag="856"><subfield code="u">http://www.loc.gov/chroniclingamerica/lccn/sn87056600</subfield></datafield><datafield ind1="4" ind2="1" tag="856"><subfield code="u">https://access.newspaperarchive.com/us/indiana/indianapolis/indianapolis-indiana-state-sentinel/</subfield></datafield><datafield ind1="4" ind2="1" tag="856"><subfield code="u">https://access.newspaperarchive.com/us/indiana/indianapolis/indianapolis-state-sentinel/</subfield></datafield><datafield ind1="1" ind2=" " tag="029"><subfield code="a">AU@</subfield><subfield code="b">000025828489</subfield></datafield></record>